<record><leader>00000cas a22000007a 4500</leader><controlfield tag="001">14248581</controlfield><controlfield tag="008">860922d18851906txudn ne      0    0eng d</controlfield><datafield ind1=" " ind2=" " tag="010"><subfield code="a">sn 86089240 </subfield></datafield><datafield ind1=" " ind2=" " tag="040"><subfield code="a">PPM</subfield><subfield code="b">eng</subfield><subfield code="c">PPM</subfield><subfield code="d">KNP</subfield><subfield code="d">OCLCQ</subfield></datafield><datafield ind1=" " ind2=" " tag="042"><subfield code="a">msc</subfield></datafield><datafield ind1="0" ind2=" " tag="130"><subfield code="a">Sherman daily register (Sherman, Tex. : 1885)</subfield></datafield><datafield ind1="1" ind2="0" tag="245"><subfield code="a">Sherman daily register.</subfield></datafield><datafield ind1="1" ind2="3" tag="246"><subfield code="a">Daily register</subfield></datafield><datafield ind1=" " ind2=" " tag="260"><subfield code="a">Sherman, Tex. :</subfield><subfield code="b">Moore &amp; Sirpless,</subfield><subfield code="c">1885-</subfield></datafield><datafield ind1=" " ind2=" " tag="300"><subfield code="a">v. :</subfield><subfield code="b">ill. ;</subfield><subfield code="c">61 cm.</subfield></datafield><datafield ind1=" " ind2=" " tag="310"><subfield code="a">Daily (except Sun.)</subfield></datafield><datafield ind1="0" ind2=" " tag="362"><subfield code="a">Vol. 1, no. 1 (Oct. 20, 1885)-</subfield></datafield><datafield ind1="1" ind2=" " tag="362"><subfield code="a">Ceased in 1906?</subfield></datafield><datafield ind1=" " ind2=" " tag="580"><subfield code="a">Weekly edition called: Sherman register.</subfield></datafield><datafield ind1=" " ind2=" " tag="752"><subfield code="a">United States</subfield><subfield code="b">Texas</subfield><subfield code="c">Grayson</subfield><subfield code="d">Sherman.</subfield></datafield><datafield ind1="1" ind2=" " tag="775"><subfield code="t">Sherman register</subfield><subfield code="w">(DLC)sn 86089241</subfield><subfield code="w">(OCoLC)14239089</subfield></datafield></record>